[
  {
    "date": "2025-01-26",
    "symbol": "NVDA",
    "reportedCurrency": "USD",
    "cik": "0001045810",
    "fillingDate": "2025-02-26",
    "acceptedDate": "2025-02-26 16:48:33",
    "calendarYear": "2025",
    "period": "Q4",
    "revenue": 39331000000,
    "costOfRevenue": 10608000000,
    "grossProfit": 28723000000,
    "grossProfitRatio": 0.7302890849,
    "researchAndDevelopmentExpenses": 3714000000,
    "generalAndAdministrativeExpenses": 0,
    "sellingAndMarketingExpenses": 0,
    "sellingGeneralAndAdministrativeExpenses": 975000000,
    "otherExpenses": 0,
    "operatingExpenses": 4689000000,
    "costAndExpenses": 15297000000,
    "interestIncome": 511000000,
    "interestExpense": 61000000,
    "depreciationAndAmortization": 543000000,
    "ebitda": 25821000000,
    "ebitdaratio": 0.6565050469,
    "operatingIncome": 24034000000,
    "operatingIncomeRatio": 0.6110701482,
    "totalOtherIncomeExpensesNet": 1183000000,
    "incomeBeforeTax": 25217000000,
    "incomeBeforeTaxRatio": 0.6411482037,
    "incomeTaxExpense": 3126000000,
    "netIncome": 22091000000,
    "netIncomeRatio": 0.5616689126,
    "eps": 0.9,
    "epsdiluted": 0.89,
    "weightedAverageShsOut": 24489000000,
    "weightedAverageShsOutDil": 24706000000,
    "link": "https://www.sec.gov/Archives/edgar/data/1045810/000104581025000023/0001045810-25-000023-index.htm",
    "finalLink": "https://www.sec.gov/Archives/edgar/data/1045810/000104581025000023/nvda-20250126.htm"
  },
  {
    "date": "2024-10-27",
    "symbol": "NVDA",
    "reportedCurrency": "USD",
    "cik": "0001045810",
    "fillingDate": "2024-11-20",
    "acceptedDate": "2024-11-20 16:31:22",
    "calendarYear": "2025",
    "period": "Q3",
    "revenue": 35082000000,
    "costOfRevenue": 8926000000,
    "grossProfit": 26156000000,
    "grossProfitRatio": 0.7455675275,
    "researchAndDevelopmentExpenses": 3390000000,
    "generalAndAdministrativeExpenses": 0,
    "sellingAndMarketingExpenses": 0,
    "sellingGeneralAndAdministrativeExpenses": 897000000,
    "otherExpenses": 0,
    "operatingExpenses": 4287000000,
    "costAndExpenses": 13213000000,
    "interestIncome": 472000000,
    "interestExpense": 61000000,
    "depreciationAndAmortization": 478000000,
    "ebitda": 22855000000,
    "ebitdaratio": 0.6514736902,
    "operatingIncome": 21869000000,
    "operatingIncomeRatio": 0.623368109,
    "totalOtherIncomeExpensesNet": 447000000,
    "incomeBeforeTax": 22316000000,
    "incomeBeforeTaxRatio": 0.6361096859,
    "incomeTaxExpense": 3007000000,
    "netIncome": 19309000000,
    "netIncomeRatio": 0.5503962146,
    "eps": 0.79,
    "epsdiluted": 0.78,
    "weightedAverageShsOut": 24533000000,
    "weightedAverageShsOutDil": 24774000000,
    "link": "https://www.sec.gov/Archives/edgar/data/1045810/000104581024000316/0001045810-24-000316-index.htm",
    "finalLink": "https://www.sec.gov/Archives/edgar/data/1045810/000104581024000316/nvda-20241027.htm"
  },
  {
    "date": "2024-07-28",
    "symbol": "NVDA",
    "reportedCurrency": "USD",
    "cik": "0001045810",
    "fillingDate": "2024-08-28",
    "acceptedDate": "2024-08-28 17:05:08",
    "calendarYear": "2025",
    "period": "Q2",
    "revenue": 30040000000,
    "costOfRevenue": 7466000000,
    "grossProfit": 22574000000,
    "grossProfitRatio": 0.7514647137,
    "researchAndDevelopmentExpenses": 3090000000,
    "generalAndAdministrativeExpenses": 0,
    "sellingAndMarketingExpenses": 0,
    "sellingGeneralAndAdministrativeExpenses": 842000000,
    "otherExpenses": 0,
    "operatingExpenses": 3932000000,
    "costAndExpenses": 11398000000,
    "interestIncome": 444000000,
    "interestExpense": 61000000,
    "depreciationAndAmortization": 433000000,
    "ebitda": 19708000000,
    "ebitdaratio": 0.6560585885,
    "operatingIncome": 18642000000,
    "operatingIncomeRatio": 0.6205725699,
    "totalOtherIncomeExpensesNet": 572000000,
    "incomeBeforeTax": 19214000000,
    "incomeBeforeTaxRatio": 0.6396138482,
    "incomeTaxExpense": 2615000000,
    "netIncome": 16599000000,
    "netIncomeRatio": 0.552563249,
    "eps": 0.68,
    "epsdiluted": 0.67,
    "weightedAverageShsOut": 24578000000,
    "weightedAverageShsOutDil": 24848000000,
    "link": "https://www.sec.gov/Archives/edgar/data/1045810/000104581024000264/0001045810-24-000264-index.htm",
    "finalLink": "https://www.sec.gov/Archives/edgar/data/1045810/000104581024000264/nvda-20240728.htm"
  },
  {
    "date": "2024-04-28",
    "symbol": "NVDA",
    "reportedCurrency": "USD",
    "cik": "0001045810",
    "fillingDate": "2024-05-29",
    "acceptedDate": "2024-05-29 16:36:32",
    "calendarYear": "2025",
    "period": "Q1",
    "revenue": 26044000000,
    "costOfRevenue": 5638000000,
    "grossProfit": 20406000000,
    "grossProfitRatio": 0.7835201966,
    "researchAndDevelopmentExpenses": 2720000000,
    "generalAndAdministrativeExpenses": 0,
    "sellingAndMarketingExpenses": 0,
    "sellingGeneralAndAdministrativeExpenses": 777000000,
    "otherExpenses": 0,
    "operatingExpenses": 3497000000,
    "costAndExpenses": 9135000000,
    "interestIncome": 359000000,
    "interestExpense": 64000000,
    "depreciationAndAmortization": 410000000,
    "ebitda": 17753000000,
    "ebitdaratio": 0.6816541238,
    "operatingIncome": 16909000000,
    "operatingIncomeRatio": 0.6492474274,
    "totalOtherIncomeExpensesNet": 370000000,
    "incomeBeforeTax": 17279000000,
    "incomeBeforeTaxRatio": 0.6634541545,
    "incomeTaxExpense": 2398000000,
    "netIncome": 14881000000,
    "netIncomeRatio": 0.5713792044,
    "eps": 0.6,
    "epsdiluted": 0.6,
    "weightedAverageShsOut": 24620000000,
    "weightedAverageShsOutDil": 24890000000,
    "link": "https://www.sec.gov/Archives/edgar/data/1045810/000104581024000124/0001045810-24-000124-index.htm",
    "finalLink": "https://www.sec.gov/Archives/edgar/data/1045810/000104581024000124/nvda-20240428.htm"
  },
  {
    "date": "2024-01-28",
    "symbol": "NVDA",
    "reportedCurrency": "USD",
    "cik": "0001045810",
    "fillingDate": "2024-02-21",
    "acceptedDate": "2024-02-21 16:36:57",
    "calendarYear": "2024",
    "period": "Q4",
    "revenue": 22103000000,
    "costOfRevenue": 5312000000,
    "grossProfit": 16791000000,
    "grossProfitRatio": 0.7596706329,
    "researchAndDevelopmentExpenses": 2465000000,
    "generalAndAdministrativeExpenses": 0,
    "sellingAndMarketingExpenses": 0,
    "sellingGeneralAndAdministrativeExpenses": 712000000,
    "otherExpenses": 0,
    "operatingExpenses": 3177000000,
    "costAndExpenses": 8489000000,
    "interestIncome": 294000000,
    "interestExpense": 63000000,
    "depreciationAndAmortization": 387000000,
    "ebitda": 14556000000,
    "ebitdaratio": 0.6585531376,
    "operatingIncome": 13614000000,
    "operatingIncomeRatio": 0.6159344885,
    "totalOtherIncomeExpensesNet": 492000000,
    "incomeBeforeTax": 14106000000,
    "incomeBeforeTaxRatio": 0.6381939103,
    "incomeTaxExpense": 1821000000,
    "netIncome": 12285000000,
    "netIncomeRatio": 0.555806904,
    "eps": 0.5,
    "epsdiluted": 0.49,
    "weightedAverageShsOut": 24660000000,
    "weightedAverageShsOutDil": 24900000000,
    "link": "https://www.sec.gov/Archives/edgar/data/1045810/000104581024000029/0001045810-24-000029-index.htm",
    "finalLink": "https://www.sec.gov/Archives/edgar/data/1045810/000104581024000029/nvda-20240128.htm"
  },
  {
    "date": "2023-10-29",
    "symbol": "NVDA",
    "reportedCurrency": "USD",
    "cik": "0001045810",
    "fillingDate": "2023-11-21",
    "acceptedDate": "2023-11-21 16:36:29",
    "calendarYear": "2024",
    "period": "Q3",
    "revenue": 18120000000,
    "costOfRevenue": 4720000000,
    "grossProfit": 13400000000,
    "grossProfitRatio": 0.7395143488,
    "researchAndDevelopmentExpenses": 2294000000,
    "generalAndAdministrativeExpenses": 0,
    "sellingAndMarketingExpenses": 0,
    "sellingGeneralAndAdministrativeExpenses": 689000000,
    "otherExpenses": 0,
    "operatingExpenses": 2983000000,
    "costAndExpenses": 7703000000,
    "interestIncome": 234000000,
    "interestExpense": 63000000,
    "depreciationAndAmortization": 372000000,
    "ebitda": 10957000000,
    "ebitdaratio": 0.6046909492,
    "operatingIncome": 10417000000,
    "operatingIncomeRatio": 0.5748896247,
    "totalOtherIncomeExpensesNet": 105000000,
    "incomeBeforeTax": 10522000000,
    "incomeBeforeTaxRatio": 0.5806843267,
    "incomeTaxExpense": 1279000000,
    "netIncome": 9243000000,
    "netIncomeRatio": 0.5100993377,
    "eps": 0.38,
    "epsdiluted": 0.37,
    "weightedAverageShsOut": 24680000000,
    "weightedAverageShsOutDil": 24940000000,
    "link": "https://www.sec.gov/Archives/edgar/data/1045810/000104581023000227/0001045810-23-000227-index.htm",
    "finalLink": "https://www.sec.gov/Archives/edgar/data/1045810/000104581023000227/nvda-20231029.htm"
  },
  {
    "date": "2023-07-30",
    "symbol": "NVDA",
    "reportedCurrency": "USD",
    "cik": "0001045810",
    "fillingDate": "2023-08-28",
    "acceptedDate": "2023-08-25 19:36:34",
    "calendarYear": "2024",
    "period": "Q2",
    "revenue": 13507000000,
    "costOfRevenue": 4045000000,
    "grossProfit": 9462000000,
    "grossProfitRatio": 0.7005256534,
    "researchAndDevelopmentExpenses": 2040000000,
    "generalAndAdministrativeExpenses": 0,
    "sellingAndMarketingExpenses": 0,
    "sellingGeneralAndAdministrativeExpenses": 622000000,
    "otherExpenses": 0,
    "operatingExpenses": 2662000000,
    "costAndExpenses": 6707000000,
    "interestIncome": 187000000,
    "interestExpense": 65000000,
    "depreciationAndAmortization": 365000000,
    "ebitda": 7411000000,
    "ebitdaratio": 0.548678463,
    "operatingIncome": 6800000000,
    "operatingIncomeRatio": 0.5034426594,
    "totalOtherIncomeExpensesNet": 181000000,
    "incomeBeforeTax": 6981000000,
    "incomeBeforeTaxRatio": 0.5168431184,
    "incomeTaxExpense": 793000000,
    "netIncome": 6188000000,
    "netIncomeRatio": 0.45813282,
    "eps": 0.25,
    "epsdiluted": 0.25,
    "weightedAverageShsOut": 24730000000,
    "weightedAverageShsOutDil": 24990000000,
    "link": "https://www.sec.gov/Archives/edgar/data/1045810/000104581023000175/0001045810-23-000175-index.htm",
    "finalLink": "https://www.sec.gov/Archives/edgar/data/1045810/000104581023000175/nvda-20230730.htm"
  },
  {
    "date": "2023-04-30",
    "symbol": "NVDA",
    "reportedCurrency": "USD",
    "cik": "0001045810",
    "fillingDate": "2023-05-26",
    "acceptedDate": "2023-05-26 16:17:32",
    "calendarYear": "2024",
    "period": "Q1",
    "revenue": 7192000000,
    "costOfRevenue": 2544000000,
    "grossProfit": 4648000000,
    "grossProfitRatio": 0.6462736374,
    "researchAndDevelopmentExpenses": 1875000000,
    "generalAndAdministrativeExpenses": 0,
    "sellingAndMarketingExpenses": 0,
    "sellingGeneralAndAdministrativeExpenses": 633000000,
    "otherExpenses": 0,
    "operatingExpenses": 2508000000,
    "costAndExpenses": 5052000000,
    "interestIncome": 150000000,
    "interestExpense": 66000000,
    "depreciationAndAmortization": 384000000,
    "ebitda": 2659000000,
    "ebitdaratio": 0.3697163515,
    "operatingIncome": 2140000000,
    "operatingIncomeRatio": 0.2975528365,
    "totalOtherIncomeExpensesNet": 69000000,
    "incomeBeforeTax": 2209000000,
    "incomeBeforeTaxRatio": 0.3071468298,
    "incomeTaxExpense": 166000000,
    "netIncome": 2043000000,
    "netIncomeRatio": 0.2840656285,
    "eps": 0.083,
    "epsdiluted": 0.082,
    "weightedAverageShsOut": 24700000000,
    "weightedAverageShsOutDil": 24900000000,
    "link": "https://www.sec.gov/Archives/edgar/data/1045810/000104581023000093/0001045810-23-000093-index.htm",
    "finalLink": "https://www.sec.gov/Archives/edgar/data/1045810/000104581023000093/nvda-20230430.htm"
  },
  {
    "date": "2023-01-29",
    "symbol": "NVDA",
    "reportedCurrency": "USD",
    "cik": "0001045810",
    "fillingDate": "2023-02-24",
    "acceptedDate": "2023-02-24 17:23:43",
    "calendarYear": "2023",
    "period": "Q4",
    "revenue": 6051000000,
    "costOfRevenue": 2218000000,
    "grossProfit": 3833000000,
    "grossProfitRatio": 0.6334490167,
    "researchAndDevelopmentExpenses": 1952000000,
    "generalAndAdministrativeExpenses": 0,
    "sellingAndMarketingExpenses": 0,
    "sellingGeneralAndAdministrativeExpenses": 625000000,
    "otherExpenses": 0,
    "operatingExpenses": 2577000000,
    "costAndExpenses": 4795000000,
    "interestIncome": 115000000,
    "interestExpense": 64000000,
    "depreciationAndAmortization": 426000000,
    "ebitda": 1778000000,
    "ebitdaratio": 0.2938357296,
    "operatingIncome": 1256000000,
    "operatingIncomeRatio": 0.2075689969,
    "totalOtherIncomeExpensesNet": 32000000,
    "incomeBeforeTax": 1288000000,
    "incomeBeforeTaxRatio": 0.2128573789,
    "incomeTaxExpense": -126000000,
    "netIncome": 1414000000,
    "netIncomeRatio": 0.2336803834,
    "eps": 0.0574,
    "epsdiluted": 0.0571,
    "weightedAverageShsOut": 24640000000,
    "weightedAverageShsOutDil": 24770000000,
    "link": "https://www.sec.gov/Archives/edgar/data/1045810/000104581023000017/0001045810-23-000017-index.htm",
    "finalLink": "https://www.sec.gov/Archives/edgar/data/1045810/000104581023000017/nvda-20230129.htm"
  },
  {
    "date": "2022-10-30",
    "symbol": "NVDA",
    "reportedCurrency": "USD",
    "cik": "0001045810",
    "fillingDate": "2022-11-18",
    "acceptedDate": "2022-11-18 16:35:31",
    "calendarYear": "2023",
    "period": "Q3",
    "revenue": 5931000000,
    "costOfRevenue": 2754000000,
    "grossProfit": 3177000000,
    "grossProfitRatio": 0.535660091,
    "researchAndDevelopmentExpenses": 1945000000,
    "generalAndAdministrativeExpenses": 0,
    "sellingAndMarketingExpenses": 0,
    "sellingGeneralAndAdministrativeExpenses": 631000000,
    "otherExpenses": 0,
    "operatingExpenses": 2576000000,
    "costAndExpenses": 5330000000,
    "interestIncome": 88000000,
    "interestExpense": 65000000,
    "depreciationAndAmortization": 406000000,
    "ebitda": 1084000000,
    "ebitdaratio": 0.1827685045,
    "operatingIncome": 601000000,
    "operatingIncomeRatio": 0.1013319845,
    "totalOtherIncomeExpensesNet": 12000000,
    "incomeBeforeTax": 613000000,
    "incomeBeforeTaxRatio": 0.1033552521,
    "incomeTaxExpense": -67000000,
    "netIncome": 680000000,
    "netIncomeRatio": 0.1146518294,
    "eps": 0.027,
    "epsdiluted": 0.027,
    "weightedAverageShsOut": 24830000000,
    "weightedAverageShsOutDil": 24990000000,
    "link": "https://www.sec.gov/Archives/edgar/data/1045810/000104581022000166/0001045810-22-000166-index.htm",
    "finalLink": "https://www.sec.gov/Archives/edgar/data/1045810/000104581022000166/nvda-20221030.htm"
  },
  {
    "date": "2022-07-31",
    "symbol": "NVDA",
    "reportedCurrency": "USD",
    "cik": "0001045810",
    "fillingDate": "2022-08-31",
    "acceptedDate": "2022-08-31 17:01:35",
    "calendarYear": "2023",
    "period": "Q2",
    "revenue": 6704000000,
    "costOfRevenue": 3789000000,
    "grossProfit": 2915000000,
    "grossProfitRatio": 0.4348150358,
    "researchAndDevelopmentExpenses": 1824000000,
    "generalAndAdministrativeExpenses": 0,
    "sellingAndMarketingExpenses": 0,
    "sellingGeneralAndAdministrativeExpenses": 592000000,
    "otherExpenses": 0,
    "operatingExpenses": 2416000000,
    "costAndExpenses": 6205000000,
    "interestIncome": 46000000,
    "interestExpense": 65000000,
    "depreciationAndAmortization": 378000000,
    "ebitda": 918000000,
    "ebitdaratio": 0.1369331742,
    "operatingIncome": 499000000,
    "operatingIncomeRatio": 0.0744331742,
    "totalOtherIncomeExpensesNet": -24000000,
    "incomeBeforeTax": 475000000,
    "incomeBeforeTaxRatio": 0.070853222,
    "incomeTaxExpense": -181000000,
    "netIncome": 656000000,
    "netIncomeRatio": 0.0978520286,
    "eps": 0.026,
    "epsdiluted": 0.026,
    "weightedAverageShsOut": 24950000000,
    "weightedAverageShsOutDil": 25160000000,
    "link": "https://www.sec.gov/Archives/edgar/data/1045810/000104581022000147/0001045810-22-000147-index.htm",
    "finalLink": "https://www.sec.gov/Archives/edgar/data/1045810/000104581022000147/nvda-20220731.htm"
  },
  {
    "date": "2022-05-01",
    "symbol": "NVDA",
    "reportedCurrency": "USD",
    "cik": "0001045810",
    "fillingDate": "2022-05-27",
    "acceptedDate": "2022-05-27 16:21:55",
    "calendarYear": "2023",
    "period": "Q1",
    "revenue": 8288000000,
    "costOfRevenue": 2857000000,
    "grossProfit": 5431000000,
    "grossProfitRatio": 0.655284749,
    "researchAndDevelopmentExpenses": 1618000000,
    "generalAndAdministrativeExpenses": 0,
    "sellingAndMarketingExpenses": 0,
    "sellingGeneralAndAdministrativeExpenses": 592000000,
    "otherExpenses": 1353000000,
    "operatingExpenses": 3563000000,
    "costAndExpenses": 6420000000,
    "interestIncome": 18000000,
    "interestExpense": 68000000,
    "depreciationAndAmortization": 334000000,
    "ebitda": 2207000000,
    "ebitdaratio": 0.26628861,
    "operatingIncome": 1868000000,
    "operatingIncomeRatio": 0.2253861004,
    "totalOtherIncomeExpensesNet": -63000000,
    "incomeBeforeTax": 1805000000,
    "incomeBeforeTaxRatio": 0.217784749,
    "incomeTaxExpense": 187000000,
    "netIncome": 1618000000,
    "netIncomeRatio": 0.1952220077,
    "eps": 0.065,
    "epsdiluted": 0.064,
    "weightedAverageShsOut": 25060000000,
    "weightedAverageShsOutDil": 25370000000,
    "link": "https://www.sec.gov/Archives/edgar/data/1045810/000104581022000079/0001045810-22-000079-index.htm",
    "finalLink": "https://www.sec.gov/Archives/edgar/data/1045810/000104581022000079/nvda-20220501.htm"
  }
]