[
  {
    "date": "2024-12-31",
    "symbol": "TSLA",
    "reportedCurrency": "USD",
    "cik": "0001318605",
    "fillingDate": "2025-01-30",
    "acceptedDate": "2025-01-29 20:42:33",
    "calendarYear": "2024",
    "period": "Q4",
    "revenue": 25707000000,
    "costOfRevenue": 21528000000,
    "grossProfit": 4179000000,
    "grossProfitRatio": 0.1625627261,
    "researchAndDevelopmentExpenses": 1276000000,
    "generalAndAdministrativeExpenses": 0,
    "sellingAndMarketingExpenses": 0,
    "sellingGeneralAndAdministrativeExpenses": 1313000000,
    "otherExpenses": 7000000,
    "operatingExpenses": 2596000000,
    "costAndExpenses": 24124000000,
    "interestIncome": 442000000,
    "interestExpense": 96000000,
    "depreciationAndAmortization": 1496000000,
    "ebitda": 4358000000,
    "ebitdaratio": 0.1695258101,
    "operatingIncome": 1583000000,
    "operatingIncomeRatio": 0.0615785584,
    "totalOtherIncomeExpensesNet": 1183000000,
    "incomeBeforeTax": 2766000000,
    "incomeBeforeTaxRatio": 0.1075971525,
    "incomeTaxExpense": 434000000,
    "netIncome": 2356000000,
    "netIncomeRatio": 0.0916481892,
    "eps": 0.72,
    "epsdiluted": 0.66,
    "weightedAverageShsOut": 3213000000,
    "weightedAverageShsOutDil": 3517000000,
    "link": "https://www.sec.gov/Archives/edgar/data/1318605/000162828025003063/0001628280-25-003063-index.htm",
    "finalLink": "https://www.sec.gov/Archives/edgar/data/1318605/000162828025003063/tsla-20241231.htm"
  },
  {
    "date": "2024-09-30",
    "symbol": "TSLA",
    "reportedCurrency": "USD",
    "cik": "0001318605",
    "fillingDate": "2024-10-24",
    "acceptedDate": "2024-10-23 20:42:47",
    "calendarYear": "2024",
    "period": "Q3",
    "revenue": 25182000000,
    "costOfRevenue": 20185000000,
    "grossProfit": 4997000000,
    "grossProfitRatio": 0.1984353904,
    "researchAndDevelopmentExpenses": 1039000000,
    "generalAndAdministrativeExpenses": 0,
    "sellingAndMarketingExpenses": 0,
    "sellingGeneralAndAdministrativeExpenses": 1186000000,
    "otherExpenses": 55000000,
    "operatingExpenses": 2280000000,
    "costAndExpenses": 22465000000,
    "interestIncome": 429000000,
    "interestExpense": 92000000,
    "depreciationAndAmortization": 1348000000,
    "ebitda": 4224000000,
    "ebitdaratio": 0.1677388611,
    "operatingIncome": 2717000000,
    "operatingIncomeRatio": 0.1078945278,
    "totalOtherIncomeExpensesNet": 67000000,
    "incomeBeforeTax": 2784000000,
    "incomeBeforeTaxRatio": 0.1105551584,
    "incomeTaxExpense": 601000000,
    "netIncome": 2167000000,
    "netIncomeRatio": 0.0860535303,
    "eps": 0.68,
    "epsdiluted": 0.62,
    "weightedAverageShsOut": 3198000000,
    "weightedAverageShsOutDil": 3497000000,
    "link": "https://www.sec.gov/Archives/edgar/data/1318605/000162828024043486/0001628280-24-043486-index.htm",
    "finalLink": "https://www.sec.gov/Archives/edgar/data/1318605/000162828024043486/tsla-20240930.htm"
  },
  {
    "date": "2024-06-30",
    "symbol": "TSLA",
    "reportedCurrency": "USD",
    "cik": "0001318605",
    "fillingDate": "2024-07-24",
    "acceptedDate": "2024-07-23 19:41:09",
    "calendarYear": "2024",
    "period": "Q2",
    "revenue": 25500000000,
    "costOfRevenue": 20922000000,
    "grossProfit": 4578000000,
    "grossProfitRatio": 0.1795294118,
    "researchAndDevelopmentExpenses": 1074000000,
    "generalAndAdministrativeExpenses": 0,
    "sellingAndMarketingExpenses": 0,
    "sellingGeneralAndAdministrativeExpenses": 1277000000,
    "otherExpenses": 622000000,
    "operatingExpenses": 2973000000,
    "costAndExpenses": 23895000000,
    "interestIncome": 348000000,
    "interestExpense": 86000000,
    "depreciationAndAmortization": 1278000000,
    "ebitda": 3251000000,
    "ebitdaratio": 0.1274901961,
    "operatingIncome": 1605000000,
    "operatingIncomeRatio": 0.0629411765,
    "totalOtherIncomeExpensesNet": 282000000,
    "incomeBeforeTax": 1887000000,
    "incomeBeforeTaxRatio": 0.074,
    "incomeTaxExpense": 393000000,
    "netIncome": 1478000000,
    "netIncomeRatio": 0.0579607843,
    "eps": 0.46,
    "epsdiluted": 0.42,
    "weightedAverageShsOut": 3191000000,
    "weightedAverageShsOutDil": 3481000000,
    "link": "https://www.sec.gov/Archives/edgar/data/1318605/000162828024032662/0001628280-24-032662-index.htm",
    "finalLink": "https://www.sec.gov/Archives/edgar/data/1318605/000162828024032662/tsla-20240630.htm"
  },
  {
    "date": "2024-03-31",
    "symbol": "TSLA",
    "reportedCurrency": "USD",
    "cik": "0001318605",
    "fillingDate": "2024-04-24",
    "acceptedDate": "2024-04-23 20:27:48",
    "calendarYear": "2024",
    "period": "Q1",
    "revenue": 21301000000,
    "costOfRevenue": 17605000000,
    "grossProfit": 3696000000,
    "grossProfitRatio": 0.1735129806,
    "researchAndDevelopmentExpenses": 1151000000,
    "generalAndAdministrativeExpenses": 0,
    "sellingAndMarketingExpenses": 0,
    "sellingGeneralAndAdministrativeExpenses": 1374000000,
    "otherExpenses": 0,
    "operatingExpenses": 2525000000,
    "costAndExpenses": 20130000000,
    "interestIncome": 350000000,
    "interestExpense": 76000000,
    "depreciationAndAmortization": 1246000000,
    "ebitda": 2875000000,
    "ebitdaratio": 0.1349701892,
    "operatingIncome": 1171000000,
    "operatingIncomeRatio": 0.0549739449,
    "totalOtherIncomeExpensesNet": 382000000,
    "incomeBeforeTax": 1553000000,
    "incomeBeforeTaxRatio": 0.0729073752,
    "incomeTaxExpense": 409000000,
    "netIncome": 1129000000,
    "netIncomeRatio": 0.0530022065,
    "eps": 0.37,
    "epsdiluted": 0.34,
    "weightedAverageShsOut": 3186000000,
    "weightedAverageShsOutDil": 3484000000,
    "link": "https://www.sec.gov/Archives/edgar/data/1318605/000162828024017503/0001628280-24-017503-index.htm",
    "finalLink": "https://www.sec.gov/Archives/edgar/data/1318605/000162828024017503/tsla-20240331.htm"
  },
  {
    "date": "2023-12-31",
    "symbol": "TSLA",
    "reportedCurrency": "USD",
    "cik": "0001318605",
    "fillingDate": "2024-01-29",
    "acceptedDate": "2024-01-26 21:00:20",
    "calendarYear": "2023",
    "period": "Q4",
    "revenue": 25167000000,
    "costOfRevenue": 20729000000,
    "grossProfit": 4438000000,
    "grossProfitRatio": 0.1763420352,
    "researchAndDevelopmentExpenses": 1094000000,
    "generalAndAdministrativeExpenses": 0,
    "sellingAndMarketingExpenses": 0,
    "sellingGeneralAndAdministrativeExpenses": 1280000000,
    "otherExpenses": 0,
    "operatingExpenses": 2374000000,
    "costAndExpenses": 23103000000,
    "interestIncome": 333000000,
    "interestExpense": 61000000,
    "depreciationAndAmortization": 1232000000,
    "ebitda": 3484000000,
    "ebitdaratio": 0.1384352525,
    "operatingIncome": 2064000000,
    "operatingIncomeRatio": 0.0820121588,
    "totalOtherIncomeExpensesNet": 127000000,
    "incomeBeforeTax": 2191000000,
    "incomeBeforeTaxRatio": 0.0870584496,
    "incomeTaxExpense": -5752000000,
    "netIncome": 7930000000,
    "netIncomeRatio": 0.3150951643,
    "eps": 2.49,
    "epsdiluted": 2.27,
    "weightedAverageShsOut": 3181000000,
    "weightedAverageShsOutDil": 3492000000,
    "link": "https://www.sec.gov/Archives/edgar/data/1318605/000162828024002390/0001628280-24-002390-index.htm",
    "finalLink": "https://www.sec.gov/Archives/edgar/data/1318605/000162828024002390/tsla-20231231.htm"
  },
  {
    "date": "2023-09-30",
    "symbol": "TSLA",
    "reportedCurrency": "USD",
    "cik": "0001318605",
    "fillingDate": "2023-10-23",
    "acceptedDate": "2023-10-20 18:41:03",
    "calendarYear": "2023",
    "period": "Q3",
    "revenue": 23350000000,
    "costOfRevenue": 19172000000,
    "grossProfit": 4178000000,
    "grossProfitRatio": 0.1789293362,
    "researchAndDevelopmentExpenses": 1161000000,
    "generalAndAdministrativeExpenses": 0,
    "sellingAndMarketingExpenses": 0,
    "sellingGeneralAndAdministrativeExpenses": 1253000000,
    "otherExpenses": 0,
    "operatingExpenses": 2414000000,
    "costAndExpenses": 21586000000,
    "interestIncome": 282000000,
    "interestExpense": 38000000,
    "depreciationAndAmortization": 1235000000,
    "ebitda": 3318000000,
    "ebitdaratio": 0.1420985011,
    "operatingIncome": 1764000000,
    "operatingIncomeRatio": 0.0755460385,
    "totalOtherIncomeExpensesNet": 281000000,
    "incomeBeforeTax": 2045000000,
    "incomeBeforeTaxRatio": 0.0875802998,
    "incomeTaxExpense": 167000000,
    "netIncome": 1853000000,
    "netIncomeRatio": 0.0793576017,
    "eps": 0.58,
    "epsdiluted": 0.53,
    "weightedAverageShsOut": 3176000000,
    "weightedAverageShsOutDil": 3493000000,
    "link": "https://www.sec.gov/Archives/edgar/data/1318605/000162828023034847/0001628280-23-034847-index.htm",
    "finalLink": "https://www.sec.gov/Archives/edgar/data/1318605/000162828023034847/tsla-20230930.htm"
  },
  {
    "date": "2023-06-30",
    "symbol": "TSLA",
    "reportedCurrency": "USD",
    "cik": "0001318605",
    "fillingDate": "2023-07-24",
    "acceptedDate": "2023-07-21 18:08:29",
    "calendarYear": "2023",
    "period": "Q2",
    "revenue": 24927000000,
    "costOfRevenue": 20394000000,
    "grossProfit": 4533000000,
    "grossProfitRatio": 0.1818510049,
    "researchAndDevelopmentExpenses": 943000000,
    "generalAndAdministrativeExpenses": 0,
    "sellingAndMarketingExpenses": 0,
    "sellingGeneralAndAdministrativeExpenses": 1191000000,
    "otherExpenses": 0,
    "operatingExpenses": 2134000000,
    "costAndExpenses": 22528000000,
    "interestIncome": 238000000,
    "interestExpense": 28000000,
    "depreciationAndAmortization": 1154000000,
    "ebitda": 4119000000,
    "ebitdaratio": 0.1652425081,
    "operatingIncome": 2399000000,
    "operatingIncomeRatio": 0.0962410238,
    "totalOtherIncomeExpensesNet": 538000000,
    "incomeBeforeTax": 2937000000,
    "incomeBeforeTaxRatio": 0.1178240462,
    "incomeTaxExpense": 323000000,
    "netIncome": 2703000000,
    "netIncomeRatio": 0.108436635,
    "eps": 0.85,
    "epsdiluted": 0.78,
    "weightedAverageShsOut": 3171000000,
    "weightedAverageShsOutDil": 3478000000,
    "link": "https://www.sec.gov/Archives/edgar/data/1318605/000095017023033872/0000950170-23-033872-index.htm",
    "finalLink": "https://www.sec.gov/Archives/edgar/data/1318605/000095017023033872/tsla-20230630.htm"
  },
  {
    "date": "2023-03-31",
    "symbol": "TSLA",
    "reportedCurrency": "USD",
    "cik": "0001318605",
    "fillingDate": "2023-04-24",
    "acceptedDate": "2023-04-21 18:05:23",
    "calendarYear": "2023",
    "period": "Q1",
    "revenue": 23329000000,
    "costOfRevenue": 18818000000,
    "grossProfit": 4511000000,
    "grossProfitRatio": 0.193364482,
    "researchAndDevelopmentExpenses": 771000000,
    "generalAndAdministrativeExpenses": 0,
    "sellingAndMarketingExpenses": 0,
    "sellingGeneralAndAdministrativeExpenses": 1076000000,
    "otherExpenses": 0,
    "operatingExpenses": 1847000000,
    "costAndExpenses": 20665000000,
    "interestIncome": 213000000,
    "interestExpense": 29000000,
    "depreciationAndAmortization": 1046000000,
    "ebitda": 3875000000,
    "ebitdaratio": 0.1661022761,
    "operatingIncome": 2664000000,
    "operatingIncomeRatio": 0.1141926358,
    "totalOtherIncomeExpensesNet": 136000000,
    "incomeBeforeTax": 2800000000,
    "incomeBeforeTaxRatio": 0.1200222899,
    "incomeTaxExpense": 261000000,
    "netIncome": 2513000000,
    "netIncomeRatio": 0.1077200051,
    "eps": 0.8,
    "epsdiluted": 0.73,
    "weightedAverageShsOut": 3166000000,
    "weightedAverageShsOutDil": 3468000000,
    "link": "https://www.sec.gov/Archives/edgar/data/1318605/000095017023013890/0000950170-23-013890-index.htm",
    "finalLink": "https://www.sec.gov/Archives/edgar/data/1318605/000095017023013890/tsla-20230331.htm"
  },
  {
    "date": "2022-12-31",
    "symbol": "TSLA",
    "reportedCurrency": "USD",
    "cik": "0001318605",
    "fillingDate": "2023-01-31",
    "acceptedDate": "2023-01-30 21:29:15",
    "calendarYear": "2022",
    "period": "Q4",
    "revenue": 24318000000,
    "costOfRevenue": 18541000000,
    "grossProfit": 5777000000,
    "grossProfitRatio": 0.2375606547,
    "researchAndDevelopmentExpenses": 810000000,
    "generalAndAdministrativeExpenses": 0,
    "sellingAndMarketingExpenses": 0,
    "sellingGeneralAndAdministrativeExpenses": 1032000000,
    "otherExpenses": 34000000,
    "operatingExpenses": 1876000000,
    "costAndExpenses": 20417000000,
    "interestIncome": 157000000,
    "interestExpense": 33000000,
    "depreciationAndAmortization": 989000000,
    "ebitda": 5005000000,
    "ebitdaratio": 0.2058146229,
    "operatingIncome": 3901000000,
    "operatingIncomeRatio": 0.1604161526,
    "totalOtherIncomeExpensesNet": 82000000,
    "incomeBeforeTax": 3983000000,
    "incomeBeforeTaxRatio": 0.1637881405,
    "incomeTaxExpense": 276000000,
    "netIncome": 3714000000,
    "netIncomeRatio": 0.1527263755,
    "eps": 1.18,
    "epsdiluted": 1.07,
    "weightedAverageShsOut": 3160000000,
    "weightedAverageShsOutDil": 3475000000,
    "link": "https://www.sec.gov/Archives/edgar/data/1318605/000095017023001409/0000950170-23-001409-index.htm",
    "finalLink": "https://www.sec.gov/Archives/edgar/data/1318605/000095017023001409/tsla-20221231.htm"
  },
  {
    "date": "2022-09-30",
    "symbol": "TSLA",
    "reportedCurrency": "USD",
    "cik": "0001318605",
    "fillingDate": "2022-10-24",
    "acceptedDate": "2022-10-24 06:08:50",
    "calendarYear": "2022",
    "period": "Q3",
    "revenue": 21454000000,
    "costOfRevenue": 16072000000,
    "grossProfit": 5382000000,
    "grossProfitRatio": 0.2508623101,
    "researchAndDevelopmentExpenses": 733000000,
    "generalAndAdministrativeExpenses": 0,
    "sellingAndMarketingExpenses": 0,
    "sellingGeneralAndAdministrativeExpenses": 961000000,
    "otherExpenses": 0,
    "operatingExpenses": 1694000000,
    "costAndExpenses": 17766000000,
    "interestIncome": 86000000,
    "interestExpense": 53000000,
    "depreciationAndAmortization": 956000000,
    "ebitda": 4645000000,
    "ebitdaratio": 0.2165097418,
    "operatingIncome": 3688000000,
    "operatingIncomeRatio": 0.1719026755,
    "totalOtherIncomeExpensesNet": -52000000,
    "incomeBeforeTax": 3636000000,
    "incomeBeforeTaxRatio": 0.1694788851,
    "incomeTaxExpense": 305000000,
    "netIncome": 3292000000,
    "netIncomeRatio": 0.1534445791,
    "eps": 1.05,
    "epsdiluted": 0.95,
    "weightedAverageShsOut": 3146000000,
    "weightedAverageShsOutDil": 3468000000,
    "link": "https://www.sec.gov/Archives/edgar/data/1318605/000095017022019867/0000950170-22-019867-index.htm",
    "finalLink": "https://www.sec.gov/Archives/edgar/data/1318605/000095017022019867/tsla-20220930.htm"
  },
  {
    "date": "2022-06-30",
    "symbol": "TSLA",
    "reportedCurrency": "USD",
    "cik": "0001318605",
    "fillingDate": "2022-07-25",
    "acceptedDate": "2022-07-25 06:07:25",
    "calendarYear": "2022",
    "period": "Q2",
    "revenue": 16934000000,
    "costOfRevenue": 12700000000,
    "grossProfit": 4234000000,
    "grossProfitRatio": 0.2500295264,
    "researchAndDevelopmentExpenses": 667000000,
    "generalAndAdministrativeExpenses": 0,
    "sellingAndMarketingExpenses": 0,
    "sellingGeneralAndAdministrativeExpenses": 961000000,
    "otherExpenses": 142000000,
    "operatingExpenses": 1770000000,
    "costAndExpenses": 14470000000,
    "interestIncome": 26000000,
    "interestExpense": 44000000,
    "depreciationAndAmortization": 922000000,
    "ebitda": 3440000000,
    "ebitdaratio": 0.2031416086,
    "operatingIncome": 2464000000,
    "operatingIncomeRatio": 0.1455060824,
    "totalOtherIncomeExpensesNet": 10000000,
    "incomeBeforeTax": 2474000000,
    "incomeBeforeTaxRatio": 0.1460966104,
    "incomeTaxExpense": 205000000,
    "netIncome": 2259000000,
    "netIncomeRatio": 0.1334002598,
    "eps": 0.73,
    "epsdiluted": 0.65,
    "weightedAverageShsOut": 3111000000,
    "weightedAverageShsOutDil": 3464000000,
    "link": "https://www.sec.gov/Archives/edgar/data/1318605/000095017022012936/0000950170-22-012936-index.htm",
    "finalLink": "https://www.sec.gov/Archives/edgar/data/1318605/000095017022012936/tsla-20220630.htm"
  },
  {
    "date": "2022-03-31",
    "symbol": "TSLA",
    "reportedCurrency": "USD",
    "cik": "0001318605",
    "fillingDate": "2022-04-25",
    "acceptedDate": "2022-04-22 21:36:59",
    "calendarYear": "2022",
    "period": "Q1",
    "revenue": 18756000000,
    "costOfRevenue": 13296000000,
    "grossProfit": 5460000000,
    "grossProfitRatio": 0.2911068458,
    "researchAndDevelopmentExpenses": 865000000,
    "generalAndAdministrativeExpenses": 0,
    "sellingAndMarketingExpenses": 0,
    "sellingGeneralAndAdministrativeExpenses": 992000000,
    "otherExpenses": 0,
    "operatingExpenses": 1857000000,
    "costAndExpenses": 15153000000,
    "interestIncome": 28000000,
    "interestExpense": 61000000,
    "depreciationAndAmortization": 880000000,
    "ebitda": 4567000000,
    "ebitdaratio": 0.2434954148,
    "operatingIncome": 3603000000,
    "operatingIncomeRatio": 0.1920985285,
    "totalOtherIncomeExpensesNet": 23000000,
    "incomeBeforeTax": 3626000000,
    "incomeBeforeTaxRatio": 0.1933248027,
    "incomeTaxExpense": 346000000,
    "netIncome": 3318000000,
    "netIncomeRatio": 0.1769033909,
    "eps": 1.07,
    "epsdiluted": 0.96,
    "weightedAverageShsOut": 3103000000,
    "weightedAverageShsOutDil": 3472000000,
    "link": "https://www.sec.gov/Archives/edgar/data/1318605/000095017022006034/0000950170-22-006034-index.htm",
    "finalLink": "https://www.sec.gov/Archives/edgar/data/1318605/000095017022006034/tsla-20220331.htm"
  }
]